<record><leader>00000cas a2200000 a 4500</leader><controlfield tag="001">12168561</controlfield><controlfield tag="008">850618d18201826ohuwr ne      0    0eng c</controlfield><datafield ind1=" " ind2=" " tag="010"><subfield code="a">sn 85026334 </subfield></datafield><datafield ind1=" " ind2=" " tag="040"><subfield code="a">NPX</subfield><subfield code="b">eng</subfield><subfield code="c">NPX</subfield><subfield code="d">DLC</subfield><subfield code="d">ONP</subfield><subfield code="d">MHN</subfield><subfield code="d">OCL</subfield><subfield code="d">DLC</subfield><subfield code="d">OCLCQ</subfield><subfield code="d">OCLCF</subfield><subfield code="d">OCLCO</subfield></datafield><datafield ind1="1" ind2=" " tag="029"><subfield code="a">AU@</subfield><subfield code="b">000004332015</subfield></datafield><datafield ind1=" " ind2=" " tag="042"><subfield code="a">pcc</subfield></datafield><datafield ind1=" " ind2=" " tag="043"><subfield code="a">n-us-oh</subfield></datafield><datafield ind1="0" ind2="0" tag="050"><subfield code="a">Newspaper 9321</subfield></datafield><datafield ind1="0" ind2="4" tag="245"><subfield code="a">The Piqua gazette ; and register of news, agriculture, arts and manufactures.</subfield></datafield><datafield ind1=" " ind2=" " tag="260"><subfield code="a">Piqua, Miami County, Ohio :</subfield><subfield code="b">William R. Barrington</subfield></datafield><datafield ind1=" " ind2=" " tag="300"><subfield code="a">v. ;</subfield><subfield code="c">51 cm.</subfield></datafield><datafield ind1=" " ind2=" " tag="310"><subfield code="a">Weekly</subfield></datafield><datafield ind1="1" ind2=" " tag="362"><subfield code="a">Began with July 6, 1820 issue; ceased in 1826?</subfield></datafield><datafield ind1=" " ind2=" " tag="500"><subfield code="a">Publishers: W.R. Barrington &amp; A.F. Carpenter, Apr. 30, 1825-&lt;&gt;.</subfield></datafield><datafield ind1=" " ind2=" " tag="588"><subfield code="a">Description based on: Vol. 1, no. 4 (July 27, 1820).</subfield></datafield><datafield ind1=" " ind2="0" tag="651"><subfield code="a">Piqua (Miami County, Ohio)</subfield><subfield code="v">Newspapers.</subfield></datafield><datafield ind1=" " ind2="0" tag="651"><subfield code="a">Miami County (Ohio)</subfield><subfield code="v">Newspapers.</subfield></datafield><datafield ind1=" " ind2="7" tag="655"><subfield code="a">Newspapers.</subfield><subfield code="2">fast</subfield><subfield code="0">(OCoLC)fst01423814</subfield></datafield><datafield ind1=" " ind2="7" tag="651"><subfield code="a">Ohio</subfield><subfield code="z">Miami County.</subfield><subfield code="2">fast</subfield><subfield code="0">(OCoLC)fst01219648</subfield></datafield><datafield ind1=" " ind2="7" tag="651"><subfield code="a">Ohio</subfield><subfield code="z">Piqua (Miami County)</subfield><subfield code="2">fast</subfield><subfield code="0">(OCoLC)fst01313977</subfield></datafield><datafield ind1=" " ind2=" " tag="752"><subfield code="a">United States</subfield><subfield code="b">Ohio</subfield><subfield code="c">Miami</subfield><subfield code="d">Piqua.</subfield></datafield><datafield ind1="0" ind2="0" tag="785"><subfield code="t">Piqua gazette (Piqua, Miami County, Ohio : 1826)</subfield><subfield code="w">(DLC)sn 88077116</subfield><subfield code="w">(OCoLC)17420109</subfield></datafield></record>